@book{saturday_is_monday,
  author    = "Стругацкий, А.Н. and Стругацкий, Б.Н.",
  title     = "Понедельник начинается в субботу",
  address   = "М.",
  editor    = "Иванов",
  publisher = "Детская литература",
  year      = 1965,
  language  = "russian"
}
@book{book:fourier,
  title      = {Ряды и интеграл Фурье: Теория поля. Аналитические и специальные функции. Преобразование Лапласа},
  author     = {Кожевников, Н.И. and Краснощекова, Т.И. and Шишкин, Н.Е.},
  lccn       = {66051327},
  series     = {Избранные главы высшей математики для инженеров и студентов втузов. Задачи и упражнения},
  url        = {http://books.google.ru/books?id=xvXuAAAAMAAJ},
  year       = {1964},
  publisher  = {Наука},
  eprint     = {http://books.google.ru/books?id=xvXuAAAAMAAJ},
  eprinttype = {Google Books}
}
@online{wiki:lcd,
  author       = "Wikipedia",
  title        = "Наибольший общий делитель",
  howpublished = "Википедия, свободная энциклопедия",
  year         = 2012,
  url          = {http://goo.gl/1eEF3},
  urldate      = "08.04.2013",
  language     = "russian"
}

@online{wiki:debugger,
	author       = "Wikipedia",
	title        = "Отладчик",
	howpublished = "Википедия, свободная энциклопедия",
	year         = 2016,
	url          = {https://goo.gl/OYnIZX},
	urldate      = "31.05.2017",
	language     = "russian"
}

@online{wiki:worksteal,
	author       = "Wikipedia",
	title        = "Work stealing",
	howpublished = "Wikipedia, the free encyclopedia",
	year         = 2016,
	url          = {https://goo.gl/xMJiIx},
	urldate      = "21.04.2017",
	language     = "english"
}


@online{java:stream,
	author       = "Oracle",
	title        = "Stream interface",
	howpublished = "The Java Documentation",
	year         = 2016,
	url          = {https://goo.gl/TZp895},
	urldate      = "25.04.2017",
	language     = "english"
}

@online{java:iterator,
	author       = "Oracle",
	title        = "Iterator",
	howpublished = "The Java Documentation",
	year         = 2016,
	url          = {https://goo.gl/rX5m1j},
	urldate      = "25.04.2017",
	language     = "english"
}

@online{java:spliterator,
	author       = "Oracle",
	title        = "Spliterator",
	howpublished = "The Java Documentation",
	year         = 2016,
	url          = {https://goo.gl/fonBNg},
	urldate      = "25.04.2017",
	language     = "english"
}

@online{ms:linq,
	author       = "Wikipedia",
	title        = "LINQ",
	howpublished = "Википедия, свободная энциклопедия",
	year         = 2017,
	url          = {https://goo.gl/Eq3CmX},
	urldate      = "25.04.2017",
	language     = "russian"
}

@online{ms:ext,
	author       = "Microsoft",
	title        = "Extension Methods",
	howpublished = "C\# Reference",
	year         = 2017,
	url          = {https://goo.gl/Sv4N3o},
	urldate      = "25.04.2017",
	language     = "english"
}

@online{ms:yield,
	author       = "Microsoft",
	title        = "yield",
	howpublished = "C\# Reference",
	year         = 2017,
	url          = {https://goo.gl/TgOYPx},
	urldate      = "27.05.2017",
	language     = "english"
}

@online{ho:scala,
	author       = "Martin Odersky, Lex Spoon",
	title        = "Views",
	howpublished = "The Scala 2.8 Collections API",
	year         = 2010,
	url          = {https://goo.gl/NuV4Kj},
	urldate      = "28.05.2017",
	language     = "english"
}

@online{ho:kotlin,
	author       = "JetBrains",
	title        = "Kotlin Sequence",
	howpublished = "Koltin Reference",
	year         = 2017,
	url          = {https://goo.gl/dxtIhj},
	urldate      = "28.05.2017",
	language     = "english"
}

@online{debug:jdb,
	author       = "Oracle",
	title        = "The Java Debugger",
	howpublished = "Java SE Documentation",
	year         = 2014,
	url          = {http://docs.oracle.com/javase/7/docs/technotes/tools/windows/jdb.html},
	urldate      = "29.05.2017",
	language     = "english"
}

@online{ms:vs,
	author       = "Wikipedia",
	title        = "Microsoft Visual Studio",
	howpublished = "Wikipedia, the free encyclopedia",
	year         = 2017,
	url          = {https://goo.gl/f8kzP3/},
	urldate      = "29.05.2017",
	language     = "english"
}

@online{ms:ozcode,
	author       = "OzCode",
	title        = "OzCode LINQ Debugger",
	howpublished = "List of OzCode features",
	year         = 2017,
	url          = {https://goo.gl/DlGa7S},
	urldate      = "29.05.2017",
	language     = "english"
}

@online{java:equals,
	author       = "Oracle",
	title        = "Method equals of class Object",
	howpublished = "The Java Documentation",
	year         = 2016,
	url          = {https://goo.gl/92O32c},
	urldate      = "23.04.2017",
	language     = "english"
}

@online{java:forkjoin,
	author       = "Oracle",
	title        = "Fork/Join",
	howpublished = "The Java Documentation",
	year         = 2015,
	url          = {https://goo.gl/TUVlj9},
	urldate      = "15.04.2017",
	language     = "english"
}

@online{java:streaxex,
	author       = "amaembo",
	title        = "StreamEx",
	howpublished = "Github repository",
	year         = 2017,
	url          = {https://github.com/amaembo/streamex},
	urldate      = "1.06.2017",
	language     = "english"
}

@online{java:jool,
	author       = "jOOQ",
	title        = "jOOL",
	howpublished = "Github repository",
	year         = 2017,
	url          = {https://github.com/jOOQ/jOOL},
	urldate      = "1.06.2017",
	language     = "english"
}